@misc{cleveland_clinic_2021,
title={Heart Rate Variability (HRV): What It Is and How You Can Track It},
author={Cleveland Clinic},
year={2021},
month={09},
day={01},
url={https://my.clevelandclinic.org/health/symptoms/21773-heart-rate-variability-hrv},
note={Online},
urldate={2022-09-23}
}

@misc{kubios,
title={Wellbeing and health application of HRV},
author={Kubios Oy},
year={2022},
month={09},
day={23},
url={https://www.kubios.com/health-and-wellbeing/},
note={Online, accessed 23 09 2022},
}

@misc{wikipedia_photoplethysmogram,
title={Photoplethysmogram},
author={Wikipedia},
year={2022},
month={11},
day={24},
url={https://en.wikipedia.org/wiki/Photoplethysmogram},
note={Online, accessed 24 11 2022},
}

@misc{davis_2021,
title={Medical Definition of Stress},
author={C. P. Davis},
year={2021},
month={03},
day={29},
url={https://www.medicinenet.com/stress/definition.htm},
note={Online, accessed 22 9 2022},
}

@misc{patterson_2022,
title={Stress Facts and Statistics},
author={E. Patterson},
year={2022},
month={09},
day={05},
url={https://www.therecoveryvillage.com/mental-health/stress/stress-statistics/},
note={Online, accessed 23 09 2022},
}

@misc{ais_2022,
title={What is Stress?},
author={The American Institute of Stress},
year={2022},
month={09},
day={23},
url={https://www.stress.org/daily-life},
note={Online, accessed 23 09 2022},
}

@misc{who_2020,
title={Doing What Matters in Times of Stress: An Illustrated Guide},
author={WHO},
year={2020},
month={04},
day={29},
url={https://www.who.int/publications/i/item/9789240003927},
note={Online, accessed 23 09 2022},
}

@article{kim_2018,
title={Stress and Heart Rate Variability: A Meta-Analysis and Review of the Literature},
author={H. Kim and E. Cheon and D. Bai and Y. LEE and B. Koo},
journal={Psychiatry Investig.},
volume={15},
number={3},
pages={235-245},
year={2018},
}

@misc{heartrate_wikipedia,
title={Heart rate},
author={Wikipedia},
year={2022},
url={https://en.wikipedia.org/wiki/Heart_rate},
note={Accessed 2 Dec 2022}
}

@misc{heartratevariability_wikipedia,
title={Heart rate variability},
author={Wikipedia},
year={2022},
url={https://en.wikipedia.org/wiki/Heart_rate_variability},
note={Accessed 2 Dec 2022}
}

@misc{polarignite3_polar,
title={Polar Ignite 3},
author={Polar},
year={2022},
url={https://www.polar.com/en/ignite3},
note={Accessed 2 Dec 2022}
}

@article{ppgdiarypilotstudy_charlton,
title={Acquiring Wearable Photoplethysmography Data in Daily Life: The PPG Diary Pilot Study},
author={Charlton, P. H. and Kyriaccou, P. and Mant, J. and Alastruey, J.},
journal={Eng. Proc.},
volume={2},
number={20},
year={2020}
}

@article{heartratevariability_malik,
title={Heart rate variability: Standards of measurement, physiological interpretation, and clinical use},
author={Malik, M. and Bigger, J. T. and Camm, A. J. and Kleiger, R. E. and Malliani, A. and Moss, A. J. and Schwartz, P. J.},
journal={European Heart Journal},
volume={17},
number={3},
pages={354-381},
year={1996}
}

@misc{hrvanevaluatingansfunction_kubios,
title={HRV in Evaluating ANS Function},
author={Kubios Oy},
year={2022},
url={https://www.kubios.com/hrv-ans-function/},
note={Accessed 24 11 2022}
}

@misc{hrvanalysismethods_kubios,
title={HRV Analysis Methods},
author={Kubios Oy},
year={2022},
url={https://www.kubios.com/hrv-analysis-methods/},
note={Accessed 24 11 2022}
}

@mastersthesis{implementationoflorawan_zoltan,
title={Implementation of LoRaWAN : from end-device to application},
author={Zoltan, G.},
school={Metropolia University of Applied Sciences, Helsinki},
year={2021}
}

@mastersthesis{implementationoffirstyearhardwarethemeproject_besic,
title={Implementation of first-year hardware theme project for ICT students},
author={Besic, E.},
school={Metropolia University of Applied Sciences, Helsinki},
year={2022}
}

@misc{Piri2022,
title = {{Käsiproteesin ohjain – prototyypin kehitystyö}},
author = {Piri, J.},
year = {2022},
school = {Metropolia University of Applied Sciences, Helsinki}
}

@misc{RaspberryPi2022,
title = {{Raspberry Pi Pico: Powerful, flexible microcontroller boards, available from $4}},
author = {Raspberry Pi Foundation},
year = {2022},
url = {https://www.raspberrypi.com/products/raspberry-pi-pico/},
note = {Accessed 25 Nov 2022}
}

@misc{Crowtail2022,
title = {{Crowtail - Pulse Sensor}},
author = {Electrow},
year = {2022},
url = {https://www.elecrow.com/wiki/index.php?title=Crowtail-_Pulse_Sensor},
note = {Accessed 28 Nov 2022}
}

@article{Szabolcs2021,
title = {{The minimal sampling frequency of the photoplethysmogram for accurate pulse rate variability parameters in healthy volunteers}},
author = {Szabolcs, B. and László, H.},
year = {2021},
journal = {Biomedical Signal Processing and Control},
volume = {68}
}

